@article{gelm:veht:2021,
  author = {Andrew Gelman and Aki Vehtari},
  title = {{What are the Most Important Statistical Ideas of the Past 50 Years?}},
  journal = {Journal of the American Statistical Association},
  volume = {116},
  number = {536},
  pages = {2087-2097},
  year  = {2021},
  publisher = {Taylor & Francis},
  doi = {10.1080/01621459.2021.1938081},
  URL = {https://doi.org/10.1080/01621459.2021.1938081},
  eprint = {https://doi.org/10.1080/01621459.2021.1938081}
}

@article{brom:woo:2018,
  author = {Karl W. Broman and Kara H. Woo},
  title = {{Data Organization in Spreadsheets}},
  journal = {The American Statistician},
  volume = {72},
  number = {1},
  pages = {2-10},
  year  = {2018},
  publisher = {Taylor & Francis},
  doi = {10.1080/00031305.2017.1375989},
  URL = {https://doi.org/10.1080/00031305.2017.1375989},
  eprint = {https://doi.org/10.1080/00031305.2017.1375989}
}


@book{bish:fien:1975,
    author = {Bishop, Yvonne M. M. and Fienberg, Stephen E. and Holland, Paul W.},
    title = {Discrete Multivariate Analyses: Theory and Practice},
    year = {1975},
    pages = {557},
    publisher = {Boston, MA: MIT Press}
}   


@article{chesson2000mechanisms,
  title={Mechanisms of maintenance of species diversity},
  author={Chesson, Peter},
  journal={Annual review of Ecology and Systematics},
  volume={31},
  number={1},
  pages={343--366},
  year={2000},
  publisher={Annual Reviews 4139 El Camino Way, PO Box 10139, Palo Alto, CA 94303-0139, USA}
}


@article{amundsen1996new,
  title={A new approach to graphical analysis of feeding strategy from stomach contents dataâ€”modification of the Costello (1990) method},
  author={Amundsen, P-A and Gabler, H-M and Staldvik, FJ},
  journal={Journal of fish biology},
  volume={48},
  number={4},
  pages={607--614},
  year={1996},
  publisher={Wiley Online Library}
}


@article{hughes2000scale,
  title={The scale of resource specialization and the distribution and abundance of lycaenid butterflies},
  author={Hughes, Jennifer B},
  journal={Oecologia},
  volume={123},
  pages={375--383},
  year={2000},
  publisher={Springer}
}


@article{linhares2022american,
  title={American Oystercatcher benefits from a heterogeneous landscape to breed in an urbanized area in southern Brazil},
  author={Linhares, Bruno de Andrade and Nunes, Guilherme Tavares and Faria, Fernando Azevedo and Rosso, Fernando da Motta and Bugoni, Leandro and Ott, Paulo Henrique},
  journal={Urban Ecosystems},
  volume={25},
  number={1},
  pages={87--100},
  year={2022},
  publisher={Springer}
}


@article{fedrizzi2008distribuiccao,
  title={Distribui{\c{c}}{\~a}o, abund{\^a}ncia e ecologia alimentar de aves lim{\'\i}colas (Charadriiformes: Charadrii e Scolopaci) na zona costeira do Rio Grande do Sul, Brasil},
  author={Fedrizzi, CARMEM ELISA},
  journal={Rio Grande: Universidade Federal do Rio Grande},
  year={2008}
}


@article{linhares2021breeding,
  title={Breeding biology of the American Oystercatcher Haematopus palliatus on a key site for conservation in southern Brazil},
  author={Linhares, Bruno de Andrade and Bordin, Ju{\c{c}}ara and Nunes, Guilherme Tavares and Ott, Paulo Henrique},
  journal={Ornithology Research},
  volume={29},
  number={1},
  pages={16--21},
  year={2021},
  publisher={Springer}
}


@article{cristiano2016evaluation,
  title={Evaluation of coastal scenery in urban beach: Torres, Rio Grande do Sul, Brazil},
  author={Cristiano, Samanta da Costa and Rockett, Gabriela Camboim and Portz, Luana Carla and Anfuso, Giorgio and Gruber, Nelson Luiz Sambaqui and Williams, Allan T},
  journal={Revista Gest{\~a}o Costeira Integrada= Journal of Integrated Coastal Zone Management. Lisboa: Associa{\c{c}}{\~a}o Portuguesa dos Recursos H{\'\i}dricos, 2014. Vol. 16, n. 1 (mar. 2016), p. 71-78},
  year={2016}
}